@article
  {t09,
   AUTHOR  = "C. Cuevas-Tello, Juan and Tino, Peter and Raychaudhury, Somak and Yao, Xin and Harva, Markus",
   TITLE   = "{Uncovering delayed patterns in noisy and irregularly sampled time series: An astronomy application}",
   JOURNALTITLE = "{Pattern Recognition}",
   YEAR = 2009
  }

@article
  {t06,
   AUTHOR  = "C. Cuevas-Tello, Juan and Tino, Peter and Raychaudhury, Somak",
   TITLE   = "{How accurate are the time delay estimates in gravitational lensing?}",
   JOURNALTITLE = "{Astronomy \& Astrophysics}",
   YEAR = 2006
  }