@Article{pasupathy2011,
  author = 	 {Raghu Pasupathy},
  title = 	 {Generating Nonhomogenous Poisson Processes},
  journal = 	 {Wiley Encyclopedia of Operations Research and Management Science},
  year = 	 {2011},
  OPTkey = 	 {},
  OPTvolume = 	 {},
  OPTnumber = 	 {},
  OPTpages = 	 {},
  OPTmonth = 	 {},
  OPTnote = 	 {},
  OPTannote = 	 {}
}



@online{haugh2004,
  author = 	 {Martin Haugh},
  title = 	 {Generating Random Variables and Stochastic Processes},
  url = 	 {http://www.columbia.edu/~mh2078/MCS04/MCS_generate_rv.pdf},
  year = 	 {2004},
  OPTkey = 	 {},
  OPTvolume = 	 {},
  OPTnumber = 	 {},
  OPTpages = 	 {},
  OPTmonth = 	 {},
  OPTnote = 	 {},
  OPTannote = 	 {}
}

@Book{ross2006
  author = 	 {Sheldon M. Ross},
  title = 	 {Simulation},
  year = 	 {2006},
  publisher =    {Academic Press}
  chapter = {5}
  pages = {82-86}
}